@inproceedings{Sharma:2014:SAE:2662117.2662127,
 author = {Sharma, K. K. and Banerjee, Kunal and Mandal, Chittaranjan},
 title = {A Scheme for Automated Evaluation of Programming Assignments Using FSMD Based Equivalence Checking},
 booktitle = {Proceedings of the 6th IBM Collaborative Academia Research Exchange Conference (I-CARE) on I-CARE 2014},
 series = {I-CARE 2014},
 year = {2014},
 isbn = {978-1-4503-3037-4},
 location = {Bangalore, India}
}
@inproceedings{DBLP:conf/cav/DAntoniSS16,
  author    = {Loris D'Antoni and
               Roopsha Samanta and
               Rishabh Singh},
  title     = {Qlose: Program Repair with Quantitative Objectives},
  booktitle = {Computer Aided Verification - 28th International Conference, {CAV}
               2016, Toronto, ON, Canada, July 17-23, 2016, Proceedings, Part {II}},
  pages     = {383--401},
  year      = {2016},
  crossref  = {DBLP:conf/cav/2016-2},
  url       = {https://doi.org/10.1007/978-3-319-41540-6\_21},
  doi       = {10.1007/978-3-319-41540-6\_21},
  timestamp = {Tue, 14 May 2019 10:00:43 +0200},
  biburl    = {https://dblp.org/rec/bib/conf/cav/DAntoniSS16},
  bibsource = {dblp computer science bibliography, https://dblp.org}
}
@book{DBLP:books/daglib/0030488,
  author    = {Reinhard Diestel},
  title     = {Graph Theory, 4th Edition},
  series    = {Graduate texts in mathematics},
  volume    = {173},
  publisher = {Springer},
  year      = {2012},
  isbn      = {978-3-642-14278-9},
  timestamp = {Mon, 04 Mar 2013 20:55:42 +0100},
  biburl    = {https://dblp.org/rec/bib/books/daglib/0030488},
  bibsource = {dblp computer science bibliography, https://dblp.org}
}

@inproceedings{Srikant:2014:SGC:2623330.2623377,
 author = {Srikant, Shashank and Aggarwal, Varun},
 title = {A System to Grade Computer Programming Skills Using Machine Learning},
 series = {KDD '14},
 year = {2014},
 isbn = {978-1-4503-2956-9},
 location = {New York, New York, USA},
 publisher = {ACM}
} 

@inproceedings{Singh:2016:QIG:2939672.2939696,
 author = {Singh, Gursimran and Srikant, Shashank and Aggarwal, Varun},

 title = {Question Independent Grading Using Machine Learning: The Case of Computer Program Grading},
 series = {KDD '16},
 year = {2016},
 isbn = {978-1-4503-4232-2},
 location = {San Francisco, California, USA},
 publisher = {ACM}
} 

@inproceedings{Sajnani:2016:SSC:2884781.2884877,
 author = {Sajnani, Hitesh and Saini, Vaibhav and Svajlenko, Jeffrey and Roy, Chanchal K. and Lopes, Cristina V.},
 title = {SourcererCC: Scaling Code Clone Detection to Big-code},
 booktitle = {Proceedings of the 38th International Conference on Software Engineering},
 series = {ICSE '16},
 year = {2016},
 isbn = {978-1-4503-3900-1},
 location = {Austin, Texas},
 pages = {1157--1168},
 numpages = {12},
 url = {http://doi.acm.org/10.1145/2884781.2884877},
 doi = {10.1145/2884781.2884877},
 acmid = {2884877},
 publisher = {ACM},
 address = {New York, NY, USA},
} 

@inproceedings{GPLAG,
 author = {Liu, Chao and Chen, Chen and Han, Jiawei and Yu, Philip S.},
 title = {GPLAG: Detection of Software Plagiarism by Program Dependence Graph Analysis},
 booktitle = {Proceedings of the 12th ACM SIGKDD International Conference on Knowledge Discovery and Data Mining},
 series = {KDD '06},
 year = {2006},
 isbn = {1-59593-339-5},
 location = {Philadelphia, PA, USA},
 pages = {872--881},
 numpages = {10},
 url = {http://doi.acm.org/10.1145/1150402.1150522},
 doi = {10.1145/1150402.1150522},
 acmid = {1150522},
 publisher = {ACM},
 address = {USA},
 keywords = {graph mining, program dependence graph, software plagiarism detection},
}

@inproceedings{Schleimer:2003:WLA:872757.872770,
 author = {Schleimer, Saul and Wilkerson, Daniel S. and Aiken, Alex},
 title = {Winnowing: Local Algorithms for Document Fingerprinting},
 booktitle = {Proceedings of the 2003 ACM SIGMOD International Conference on Management of Data},
 series = {SIGMOD '03},
 year = {2003},
 isbn = {1-58113-634-X},
 location = {San Diego, California},
 pages = {76--85},
 numpages = {10},
 url = {http://doi.acm.org/10.1145/872757.872770},
 doi = {10.1145/872757.872770},
 acmid = {872770},
 publisher = {ACM},
 address = {New York, NY, USA},
} 

@article{louvian,
  title={Fast unfolding of communities in large networks},
  author={Blondel, Vincent D and Guillaume, Jean-Loup and Lambiotte, Renaud and Lefebvre, Etienne},
  journal={Journal of statistical mechanics: theory and experiment},
  volume={2008},
  number={10},
  pages={P10008},
  year={2008},
  publisher={IOP Publishing}
}

@article{ipca,
  title={Improved graph clustering},
  author={Chen, Yudong and Sanghavi, Sujay and Xu, Huan},
  journal={IEEE Transactions on Information Theory},
  volume={60},
  number={10},
  pages={6440--6455},
  year={2014},
  publisher={IEEE}
}
@article{Spec,
  title={A tutorial on spectral clustering},
  author={Von Luxburg, Ulrike},
  journal={Statistics and computing},
  volume={17},
  number={4},
  pages={395--416},
  year={2007},
  publisher={Springer}
}

@article{Douce:2005:ATA:1163405.1163409,
 author = {Douce, Christopher and Livingstone, David and Orwell, James},
 title = {Automatic Test-based Assessment of Programming: A Review},
 journal = {J. Educ. Resour. Comput.},
 issue_date = {September 2005},
 volume = {5},
 number = {3},
 month = sep,
 year = {2005},
 issn = {1531-4278},
 articleno = {4},
 url = {http://doi.acm.org/10.1145/1163405.1163409},
 doi = {10.1145/1163405.1163409},
 acmid = {1163409},
 publisher = {ACM},
 address = {New York, NY, USA},
 keywords = {Education, computer-based training, learning, programming assessment},
} 

@article{Wang:2007:SSG:1222228.1222412,
 author = {Wang, Tiantian and Su, Xiaohong and Wang, Yuying and Ma, Peijun},
 title = {Semantic Similarity-based Grading of Student Programs},
 journal = {Inf. Softw. Technol.},
 issue_date = {February, 2007},
 volume = {49},
 number = {2},
 month = feb,
 year = {2007},
 issn = {0950-5849},
 pages = {99--107},
 numpages = {9},
 url = {http://dx.doi.org/10.1016/j.infsof.2006.03.001},
 doi = {10.1016/j.infsof.2006.03.001},
 acmid = {1222412},
 publisher = {Butterworth-Heinemann},
 address = {Newton, MA, USA},
 keywords = {Automatic grading, Program matching, Program standardization, Semantic similarity, System dependence graph (SDG)},
} 

@inproceedings{Sajnani:2016:SSC:2884781.2884877,
 author = {Sajnani, Hitesh and Saini, Vaibhav and Svajlenko, Jeffrey and Roy, Chanchal K. and Lopes, Cristina V.},
 title = {SourcererCC: Scaling Code Clone Detection to Big-code},
 booktitle = {Proceedings of the 38th International Conference on Software Engineering},
 series = {ICSE '16},
 year = {2016},
 isbn = {978-1-4503-3900-1},
 location = {Austin, Texas},
 pages = {1157--1168},
 numpages = {12},
 url = {http://doi.acm.org/10.1145/2884781.2884877},
 doi = {10.1145/2884781.2884877},
 acmid = {2884877},
 publisher = {ACM},
 address = {New York, NY, USA},
} 

@Inbook{Aggarwal2010,
author="Aggarwal, Charu C.
and Wang, Haixun",
editor="Aggarwal, Charu C.
and Wang, Haixun",
title="A Survey of Clustering Algorithms for Graph Data",
bookTitle="Managing and Mining Graph Data",
year="2010",
publisher="Springer US",
address="Boston, MA",
pages="275--301",
doi="10.1007/978-1-4419-6045-0_9",
url="https://doi.org/10.1007/978-1-4419-6045-0_9"
}

@misc{CodeForces,
  title = {CodeForces},
  howpublished = {\url{codeforces.com}},
  note = {Accessed: 2018-06-4}
}

@misc{CodeforcesHCT,
  title = {CodeForces Hand Crafted Testset},
  howpublished = {\url{codeforces.com/blog/entry/59984}},
  note = {Accessed: 2018-06-4}
}

@misc{hackerrank,
  title = {HackerRank},
  howpublished = {\url{{hackerrank.com},
  note = {Accessed: 2019-04-4}
}




